<record><leader>00000cas a2200000 a 4500</leader><controlfield tag="001">23729423</controlfield><controlfield tag="007">hd afb---baca</controlfield><controlfield tag="008">910510d19271996nyudn nea     0    0eng c</controlfield><controlfield tag="009">1066</controlfield><datafield ind1=" " ind2=" " tag="010"><subfield code="a">  2006252004</subfield></datafield><datafield ind1=" " ind2=" " tag="040"><subfield code="a">COR</subfield><subfield code="b">eng</subfield><subfield code="c">COR</subfield><subfield code="d">GUA</subfield><subfield code="d">OCLCQ</subfield><subfield code="d">WAU</subfield><subfield code="d">OCLCQ</subfield><subfield code="d">OCLCF</subfield></datafield><datafield ind1=" " ind2=" " tag="019"><subfield code="a">15995321</subfield></datafield><datafield ind1=" " ind2=" " tag="022"><subfield code="a">0361-5561</subfield><subfield code="l">0361-5561</subfield></datafield><datafield ind1="1" ind2=" " tag="029"><subfield code="a">AU@</subfield><subfield code="b">000040180064</subfield></datafield><datafield ind1=" " ind2=" " tag="042"><subfield code="a">pcc</subfield></datafield><datafield ind1=" " ind2=" " tag="043"><subfield code="a">n-us-ny</subfield></datafield><datafield ind1=" " ind2="4" tag="050"><subfield code="a">HC101</subfield><subfield code="b">.J6</subfield></datafield><datafield ind1="0" ind2=" " tag="130"><subfield code="a">Journal of commerce and commercial (New York, N.Y. : 1927)</subfield></datafield><datafield ind1="1" ind2=" " tag="210"><subfield code="a">J. commer. commer.</subfield></datafield><datafield ind1=" " ind2="4" tag="222"><subfield code="a">The Journal of commerce and commercial</subfield></datafield><datafield ind1="1" ind2="4" tag="245"><subfield code="a">The Journal of commerce and commercial</subfield><subfield code="h">[microform].</subfield></datafield><datafield ind1=" " ind2=" " tag="260"><subfield code="a">New York, N.Y. :</subfield><subfield code="b">Journal of Commerce and Commercial Bulletin,</subfield><subfield code="c">1927-1996.</subfield></datafield><datafield ind1=" " ind2=" " tag="300"><subfield code="a">v.</subfield></datafield><datafield ind1=" " ind2=" " tag="310"><subfield code="a">Daily (except Saturday &amp; Sunday),</subfield><subfield code="b">May 31, 1948-1996</subfield></datafield><datafield ind1=" " ind2=" " tag="321"><subfield code="a">Daily (except Sunday),</subfield><subfield code="b">1927-May 28, 1948</subfield></datafield><datafield ind1="0" ind2=" " tag="362"><subfield code="a">121st year, v. 134, no. 10,201 (Jan. 24, 1927)-168th year, v. 407, no. 28,692 (Mar. 29, 1996).</subfield></datafield><datafield ind1=" " ind2=" " tag="520"><subfield code="a">Provides statistical data on trade and investment, and political information relating to U.S. and foreign markets. A weekly feature "Trading with ..." in which a different country is profiled appears each Tuesday.</subfield></datafield><datafield ind1=" " ind2=" " tag="580"><subfield code="a">Weekly eds.: Journal of commerce. Export bulletin (New York, N.Y. : 1978), &lt;1978&gt;-1996, and: Journal of commerce. Import bulletin (New York, N.Y. : 1978), &lt;1978&gt;-1996.</subfield></datafield><datafield ind1=" " ind2=" " tag="533"><subfield code="a">Microfilm.</subfield><subfield code="b">Ann Arbor, Mich. :</subfield><subfield code="c">University Microfilms International.</subfield><subfield code="e">microfilm reels ; 35 mm.</subfield></datafield><datafield ind1=" " ind2="0" tag="651"><subfield code="a">New York (N.Y.)</subfield><subfield code="v">Newspapers.</subfield></datafield><datafield ind1=" " ind2="0" tag="651"><subfield code="a">United States</subfield><subfield code="x">Commerce</subfield><subfield code="v">Newspapers.</subfield></datafield><datafield ind1=" " ind2="7" tag="655"><subfield code="a">Newspapers.</subfield><subfield code="2">fast</subfield><subfield code="0">(OCoLC)fst01423814</subfield></datafield><datafield ind1=" " ind2="7" tag="650"><subfield code="a">Commerce.</subfield><subfield code="2">fast</subfield><subfield code="0">(OCoLC)fst00869279</subfield></datafield><datafield ind1=" " ind2="7" tag="651"><subfield code="a">New York (State)</subfield><subfield code="z">New York.</subfield><subfield code="2">fast</subfield><subfield code="0">(OCoLC)fst01204333</subfield></datafield><datafield ind1=" " ind2="7" tag="651"><subfield code="a">United States.</subfield><subfield code="2">fast</subfield><subfield code="0">(OCoLC)fst01204155</subfield></datafield><datafield ind1=" " ind2=" " tag="752"><subfield code="a">United States</subfield><subfield code="b">New York</subfield><subfield code="c">New York</subfield><subfield code="d">New York.</subfield></datafield><datafield ind1="1" ind2=" " tag="775"><subfield code="t">Journal of commerce. Export bulletin (New York, N.Y. : 1978)</subfield></datafield><datafield ind1="1" ind2=" " tag="775"><subfield code="t">Journal of commerce. Import bulletin (New York, N.Y. : 1978)</subfield></datafield><datafield ind1="0" ind2=" " tag="775"><subfield code="t">Journal of commerce (New York, N.Y. : International ed.)</subfield></datafield><datafield ind1="0" ind2=" " tag="775"><subfield code="t">Journal of commerce and commercial (New York, N.Y. : Pacific ed.)</subfield></datafield><datafield ind1="1" ind2=" " tag="776"><subfield code="c">Original</subfield><subfield code="x">0361-5561</subfield><subfield code="w">(DLC)sn 84031783</subfield><subfield code="w">(OCoLC)5978346</subfield></datafield><datafield ind1="0" ind2="0" tag="780"><subfield code="t">Journal of commerce commercial bulletin and commercial</subfield></datafield><datafield ind1="0" ind2="0" tag="785"><subfield code="t">Journal of Commerce (New York, N.Y. : 1996)</subfield><subfield code="x">1088-7407</subfield><subfield code="w">(DLC)   00233000</subfield><subfield code="w">(OCoLC)34963778</subfield></datafield></record>